@article{mcpeek2004deficits,
  title={Deficits in saccade target selection after inactivation of superior colliculus},
  author={McPeek, Robert M and Keller, Edward L},
  journal={Nature neuroscience},
  volume={7},
  number={7},
  pages={757--763},
  year={2004},
  publisher={Nature Publishing Group}
}

@book{schneider2014brain,
  title={Brain structure and its origins: in development and in evolution of behavior and the mind},
  author={Schneider, Gerald E},
  year={2014},
  publisher={MIT Press}
}

@article{dean1984superior,
  title={Superior colliculus and visual neglect in rat and hamster. III. Functional implications},
  author={Dean, Paul and Redgrave, Peter},
  journal={Brain Research Reviews},
  volume={8},
  number={2-3},
  pages={155--163},
  year={1984},
  publisher={Elsevier}
}

@article{dean1989event,
  title={Event or emergency? Two response systems in the mammalian superior colliculus},
  author={Dean, P and Redgrave, P and Westby, GWM},
  journal={Trends in neurosciences},
  volume={12},
  number={4},
  pages={137--147},
  year={1989},
  publisher={Elsevier Current Trends}
}

@article{sahibzada1986movements,
  title={Movements resembling orientation or avoidance elicited by electrical stimulation of the superior colliculus in rats},
  author={Sahibzada, Niar and Dean, Paul and Redgrave, Peter},
  journal={Journal of Neuroscience},
  volume={6},
  number={3},
  pages={723--733},
  year={1986},
  publisher={Soc Neuroscience}
}

@article{basso2017circuits,
  title={Circuits for action and cognition: a view from the superior colliculus},
  author={Basso, Michele A and May, Paul J},
  journal={Annual Review of Vision Science},
  volume={3},
  pages={197--226},
  year={2017},
  publisher={Annual Reviews}
}

@article{felsen2008neural,
  title={Neural substrates of sensory-guided locomotor decisions in the rat superior colliculus},
  author={Felsen, Gidon and Mainen, Zachary F},
  journal={Neuron},
  volume={60},
  number={1},
  pages={137--148},
  year={2008},
  publisher={Elsevier}
}

@article{wurtz1971superior,
  title={Superior colliculus cell responses related to eye movements in awake monkeys},
  author={Wurtz, Robert H and Goldberg, Michael E},
  journal={Science},
  volume={171},
  number={3966},
  pages={82--84},
  year={1971},
  publisher={American Association for the Advancement of Science}
}

@article{goldberg1972activity,
  title={Activity of superior colliculus in behaving monkey. I. Visual receptive fields of single neurons.},
  author={Goldberg, Michael E and Wurtz, Robert H},
  journal={Journal of Neurophysiology},
  volume={35},
  number={4},
  pages={542--559},
  year={1972}
}

@article{wurtz1972activity,
  title={Activity of superior colliculus in behaving monkey. 3. Cells discharging before eye movements.},
  author={Wurtz, ROBERT H and Goldberg, MICHAEL E},
  journal={Journal of Neurophysiology},
  volume={35},
  number={4},
  pages={575--586},
  year={1972}
}

@article{schiller1972single,
  title={Single-unit recording and stimulation in superior colliculus of the alert rhesus monkey.},
  author={Schiller, Peter H and Stryker, Michael},
  journal={Journal of neurophysiology},
  volume={35},
  number={6},
  pages={915--924},
  year={1972}
}

@article{wurtz1980visual,
  title={Visual-motor function of the primate superior colliculus},
  author={Wurtz, Robert H and Albano, Joanne E},
  journal={Annual review of neuroscience},
  volume={3},
  number={1},
  pages={189--226},
  year={1980},
  publisher={Annual Reviews 4139 El Camino Way, PO Box 10139, Palo Alto, CA 94303-0139, USA}
}

@article{boehnke2008importance,
  title={On the importance of the transient visual response in the superior colliculus},
  author={Boehnke, Susan E and Munoz, Douglas P},
  journal={Current opinion in neurobiology},
  volume={18},
  number={6},
  pages={544--551},
  year={2008},
  publisher={Elsevier}
}

@article{white2011superior,
  title={The superior colliculus.},
  author={White, Brian J and Munoz, Douglas P},
  year={2011},
  publisher={Oxford University Press}
}

@article{apter1946eye,
  title={Eye movements following strychninization of the superior colliculus of cats},
  author={Apter, Julia T},
  journal={Journal of Neurophysiology},
  volume={9},
  number={2},
  pages={73--86},
  year={1946}
}

@article{robinson1972eye,
  title={Eye movements evoked by collicular stimulation in the alert monkey},
  author={Robinson, David A},
  journal={Vision research},
  volume={12},
  number={11},
  pages={1795--1808},
  year={1972},
  publisher={Elsevier}
}

@article{goodale1975effects,
  title={The effects of lesions of the superior colliculus on locomotor orientation and the orienting reflex in the rat},
  author={Goodale, Melvyn A and Murison, Robert CC},
  journal={Brain research},
  volume={88},
  number={2},
  pages={243--261},
  year={1975},
  publisher={Elsevier}
}

@article{mort1980role,
  title={The role of the superior colliculus in visually guided locomotion and visual orienting in the hamster},
  author={Mort, Elizabeth and Cairns, Sara and Hersch, Helen and Finlay, Barbara},
  journal={Physiological Psychology},
  volume={8},
  number={1},
  pages={20--28},
  year={1980},
  publisher={Springer}
}

@article{mchaffie1982eye,
  title={Eye movements evoked by electrical stimulation in the superior colliculus of rats and hamsters},
  author={McHaffie, John G and Stein, Barry E},
  journal={Brain research},
  volume={247},
  number={2},
  pages={243--253},
  year={1982},
  publisher={Elsevier}
}

@article{schaefer1970unit,
  title={Unit analysis and electrical stimulation in the optic tectum of rabbits and cats},
  author={Schaefer, KP},
  journal={Brain, Behavior and Evolution},
  volume={3},
  number={1-4},
  pages={222--240},
  year={1970},
  publisher={Karger Publishers}
}

@article{herrero1998tail,
  title={Tail and eye movements evoked by electrical microstimulation of the optic tectum in goldfish},
  author={Herrero, Luis and Rodr{\'\i}guez, Fernando and Salas, Cosme and Torres, Blas},
  journal={Experimental Brain Research},
  volume={120},
  number={3},
  pages={291--305},
  year={1998},
  publisher={Springer}
}

@article{king2004superior,
  title={The superior colliculus},
  author={King, Andrew J},
  journal={Current Biology},
  volume={14},
  number={9},
  pages={R335--R338},
  year={2004},
  publisher={Elsevier}
}

@article{meredith1986visual,
  title={Visual, auditory, and somatosensory convergence on cells in superior colliculus results in multisensory integration},
  author={Meredith, M Alex and Stein, Barry E},
  journal={Journal of neurophysiology},
  volume={56},
  number={3},
  pages={640--662},
  year={1986},
  publisher={American Physiological Society Bethesda, MD}
}

@article{stanford2005evaluating,
  title={Evaluating the operations underlying multisensory integration in the cat superior colliculus},
  author={Stanford, Terrence R and Quessy, Stephan and Stein, Barry E},
  journal={Journal of Neuroscience},
  volume={25},
  number={28},
  pages={6499--6508},
  year={2005},
  publisher={Soc Neuroscience}
}

@article{wallace1996representation,
  title={Representation and integration of multiple sensory inputs in primate superior colliculus},
  author={Wallace, Mark T and Wilkinson, Lee K and Stein, Barry E},
  journal={Journal of neurophysiology},
  volume={76},
  number={2},
  pages={1246--1266},
  year={1996},
  publisher={American Physiological Society Bethesda, MD}
}

@article{burnett2004superior,
  title={Superior colliculus lesions preferentially disrupt multisensory orientation},
  author={Burnett, LR and Stein, BE and Chaponis, D and Wallace, MT},
  journal={Neuroscience},
  volume={124},
  number={3},
  pages={535--547},
  year={2004},
  publisher={Elsevier}
}

@article{harris1980superior,
  title={The superior colliculus and movements of the head and eyes in cats},
  author={Harris, Laurence R},
  journal={The Journal of Physiology},
  volume={300},
  number={1},
  pages={367--391},
  year={1980},
  publisher={Wiley Online Library}
}

@article{munoz1989fixation,
  title={Fixation and orientation control by the tecto-reticulo-spinal system in the cat whose head is unrestrained.},
  author={Munoz, DP and Guitton, D},
  journal={Revue neurologique},
  volume={145},
  number={8-9},
  pages={567--579},
  year={1989}
}

@article{roucoux1980stimulation,
  title={Stimulation of the superior colliculus in the alert cat},
  author={Roucoux, Andr{\'e} and Guitton, D and Crommelinck, Marc},
  journal={Experimental Brain Research},
  volume={39},
  number={1},
  pages={75--85},
  year={1980},
  publisher={Springer}
}

@article{cowie1994subcortical,
  title={Subcortical contributions to head movements in macaques. I. Contrasting effects of electrical stimulation of a medial pontomedullary region and the superior colliculus},
  author={Cowie, Robert J and Robinson, David Lee},
  journal={Journal of Neurophysiology},
  volume={72},
  number={6},
  pages={2648--2664},
  year={1994},
  publisher={American Physiological Society Bethesda, MD}
}

@article{freedman1996combined,
  title={Combined eye-head gaze shifts produced by electrical stimulation of the superior colliculus in rhesus monkeys},
  author={Freedman, EDWARD G and Stanford, TERRENCE R and Sparks, DAVID L},
  journal={Journal of neurophysiology},
  volume={76},
  number={2},
  pages={927--952},
  year={1996},
  publisher={American Physiological Society Bethesda, MD}
}

@article{werner1993neurons,
  title={Neurons in the primate superior colliculus are active before and during arm movements to visual targets},
  author={Werner, Wilfried},
  journal={European Journal of Neuroscience},
  volume={5},
  number={4},
  pages={335--340},
  year={1993},
  publisher={Wiley Online Library}
}

@article{stuphorn2000neurons,
  title={Neurons in the primate superior colliculus coding for arm movements in gaze-related coordinates},
  author={Stuphorn, Veit and Bauswein, Erhard and Hoffmann, Klaus-Peter},
  journal={Journal of Neurophysiology},
  volume={83},
  number={3},
  pages={1283--1299},
  year={2000},
  publisher={American Physiological Society Bethesda, MD}
}

@article{drager1975responses,
  title={Responses to visual stimulation and relationship between visual, auditory, and somatosensory inputs in mouse superior colliculus},
  author={Drager, UC and Hubel, David H},
  journal={Journal of Neurophysiology},
  volume={38},
  number={3},
  pages={690--713},
  year={1975},
  publisher={American Physiological Society Bethesda, MD}
}

@article{meredith1986visual,
  title={Visual, auditory, and somatosensory convergence on cells in superior colliculus results in multisensory integration},
  author={Meredith, M Alex and Stein, Barry E},
  journal={Journal of neurophysiology},
  volume={56},
  number={3},
  pages={640--662},
  year={1986},
  publisher={American Physiological Society Bethesda, MD}
}

@article{valentine2002orienting,
  title={Orienting responses and vocalizations produced by microstimulation in the superior colliculus of the echolocating bat, Eptesicus fuscus},
  author={Valentine, Doreen E and Sinha, Shiva R and Moss, Cynthia F},
  journal={Journal of Comparative Physiology A},
  volume={188},
  number={2},
  pages={89--108},
  year={2002},
  publisher={Springer}
}

@article{sparks1989deep,
  title={The deep layers of the superior colliculus},
  author={Sparks, David L and Hartwich-Young, Rosi and others},
  journal={Rev Oculomot Res},
  volume={3},
  pages={213--255},
  year={1989}
}

@article{butler2008evolution,
  title={Evolution of brains, cognition, and consciousness},
  author={Butler, Ann B},
  journal={Brain research bulletin},
  volume={75},
  number={2-4},
  pages={442--449},
  year={2008},
  publisher={Elsevier}
}

@article{kaas1997topographic,
  title={Topographic maps are fundamental to sensory processing},
  author={Kaas, Jon H},
  journal={Brain research bulletin},
  volume={44},
  number={2},
  pages={107--112},
  year={1997},
  publisher={Elsevier}
}

@article{sparks1988neural,
  title={Neural cartography: Sensory and motor maps in the superior colliculus},
  author={Sparks, David L},
  journal={Brain, behavior and evolution},
  volume={31},
  number={1},
  pages={49--56},
  year={1988},
  publisher={Karger Publishers}
}

@book{feinberg2016ancient,
  title={The ancient origins of consciousness: How the brain created experience},
  author={Feinberg, Todd E and Mallatt, Jon M},
  year={2016},
  publisher={MIT Press}
}

@article{redgrave1987descending,
  title={Descending projections from the superior colliculus in rat: a study using orthograde transport of wheatgerm-agglutinin conjugated horseradish peroxidase},
  author={Redgrave, P and Mitchell, IJ and Dean, P},
  journal={Experimental brain research},
  volume={68},
  number={1},
  pages={147--167},
  year={1987},
  publisher={Springer}
}

@article{westby1990output,
  title={Output pathways from the rat superior colliculus mediating approach and avoidance have different sensory properties.},
  author={Westby, G. W. M., Keay, K. A., Redgrave, P., Dean, P., & Bannister, M.},
  journal={Experimental brain research},
  volume={81},
  number={3},
  pages={626--638},
  year={1990},
  publisher={Springer}
}

